<record><leader>00000cas a22000007a 4500</leader><controlfield tag="001">13060139</controlfield><controlfield tag="008">860124d18961898wvudr ne      0    0eng d</controlfield><datafield ind1=" " ind2=" " tag="010"><subfield code="a">sn 86092141 </subfield></datafield><datafield ind1=" " ind2=" " tag="040"><subfield code="a">WVC</subfield><subfield code="b">eng</subfield><subfield code="c">WVC</subfield><subfield code="d">OCL</subfield><subfield code="d">OCLCQ</subfield></datafield><datafield ind1=" " ind2=" " tag="042"><subfield code="a">msc</subfield></datafield><datafield ind1="0" ind2=" " tag="130"><subfield code="a">Charleston daily mail (Charleston, W. Va. : 1896)</subfield></datafield><datafield ind1="1" ind2="0" tag="245"><subfield code="a">Charleston daily mail.</subfield></datafield><datafield ind1=" " ind2=" " tag="260"><subfield code="a">Charleston, W. Va. :</subfield><subfield code="b">Mail Pub. Co.,</subfield><subfield code="c">1896-1898.</subfield></datafield><datafield ind1=" " ind2=" " tag="300"><subfield code="a">v.</subfield></datafield><datafield ind1=" " ind2=" " tag="310"><subfield code="a">Daily</subfield></datafield><datafield ind1="0" ind2=" " tag="362"><subfield code="a">Vol. 7, no. 350 (Dec. 10, 1896)-v. 5, no. 235 (Mar. 14, 1898).</subfield></datafield><datafield ind1=" " ind2=" " tag="500"><subfield code="a">"Republican."</subfield></datafield><datafield ind1=" " ind2=" " tag="500"><subfield code="a">Editor: John H. Snodgrass.</subfield></datafield><datafield ind1=" " ind2=" " tag="515"><subfield code="a">Numbering is very irregular.</subfield></datafield><datafield ind1=" " ind2=" " tag="752"><subfield code="a">United States</subfield><subfield code="b">West Virginia</subfield><subfield code="c">Kanawha</subfield><subfield code="d">Charleston.</subfield></datafield><datafield ind1="0" ind2=" " tag="775"><subfield code="t">Charleston weekly mail (Charleston, W. Va. : 1892)</subfield><subfield code="w">(DLC)sn 86092127</subfield></datafield><datafield ind1="0" ind2="0" tag="780"><subfield code="t">Charleston evening mail</subfield><subfield code="w">(DLC)sn 86092140</subfield></datafield><datafield ind1="0" ind2="7" tag="785"><subfield code="t">Star daily tribune</subfield><subfield code="w">(DLC)sn 86092139</subfield></datafield><datafield ind1="0" ind2="7" tag="785"><subfield code="t">Daily mail tribune</subfield><subfield code="w">(DLC)sn 86092142</subfield></datafield><datafield ind1="1" ind2=" " tag="029"><subfield code="a">AU@</subfield><subfield code="b">000025287594</subfield></datafield></record>